@INPROCEEDINGS{Deng2009, 
author={J. Deng and W. Dong and R. Socher and L. Li and Kai Li and Li Fei-Fei}, 
booktitle={2009 IEEE Conference on Computer Vision and Pattern Recognition}, 
title={ImageNet: A large-scale hierarchical image database}, 
year={2009}, 
volume={}, 
number={}, 
pages={248-255}, 
keywords={computer vision;image resolution;image retrieval;Internet;multimedia computing;ontologies (artificial intelligence);trees (mathematics);very large databases;visual databases;ImageNet database;large-scale hierarchical image database;Internet;image retrieval;multimedia data;large-scale ontology;wordNet structure;image resolution;subtree;computer vision;Large-scale systems;Image databases;Explosions;Internet;Robustness;Information retrieval;Image retrieval;Multimedia databases;Ontologies;Spine}, 
doi={10.1109/CVPR.2009.5206848}, 
ISSN={1063-6919}, 
month={June},}

@article{PolsarSim,
author = {Pipia, Luca and Fabregas, Xavier},
year = {2005},
month = {04},
pages = {35},
title = {Generation of Pol-SAR and POL-in-SAR Data for Homogeneous Distributed Targets Simulation},
volume = {586}
}

@article{Kingma2014AdamAM,
  title={Adam: A Method for Stochastic Optimization},
  author={Diederik P. Kingma and Jimmy Ba},
  journal={CoRR},
  year={2014},
  volume={abs/1412.6980}
}

@article{Zhu_2018, title={Retrieval of Hyperspectral Surface Reflectance Based on Machine Learning}, volume={10}, ISSN={2072-4292}, url={http://dx.doi.org/10.3390/rs10020323}, DOI={10.3390/rs10020323}, number={2}, journal={Remote Sensing}, publisher={MDPI AG}, author={Zhu, Sijie and Lei, Bin and Wu, Yirong}, year={2018}, month={Feb}, pages={323}}

@ARTICLE{Scarpa_2018, 
author={G. {Scarpa} and S. {Vitale} and D. {Cozzolino}}, 
journal={IEEE Transactions on Geoscience and Remote Sensing}, 
title={Target-Adaptive CNN-Based Pansharpening}, 
year={2018}, 
volume={56}, 
number={9}, 
pages={5443-5457}, 
keywords={Training;Sensors;Spatial resolution;Transforms;Protocols;Remote sensing;Convolutional neural networks (CNN);image classification;image fusion;image resolution;object analysis;Urban areas}, 
doi={10.1109/TGRS.2018.2817393}, 
ISSN={0196-2892}, 
month={Sep.},}

@InProceedings{Kim_2016_VDSR,
author = {Kim, Jiwon and Lee, Jung Kwon and Lee, Kyoung Mu},
title = {Accurate Image Super-Resolution Using Very Deep Convolutional Networks},
booktitle = {The IEEE Conference on Computer Vision and Pattern Recognition (CVPR Oral)},
month = {June},
year = {2016}
}

@ARTICLE{Dong2016, 
author={C. Dong and C. C. Loy and K. He and X. Tang}, 
journal={IEEE Transactions on Pattern Analysis and Machine Intelligence}, 
title={Image Super-Resolution Using Deep Convolutional Networks}, 
year={2016}, 
volume={38}, 
number={2}, 
pages={295-307}, 
keywords={convolution;image resolution;image restoration;learning (artificial intelligence);neural nets;image super-resolution;deep learning method;end-to-end mapping;CNN;low-resolution image;color channel;deep convolutional neural network;reconstruction quality;sparse-coding;image restoration;Image resolution;Neural networks;Image reconstruction;Convolutional codes;Feature extraction;Training;Super-resolution;deep convolutional neural networks;sparse coding;Super-resolution;deep convolutional neural networks;sparse coding}, 
doi={10.1109/TPAMI.2015.2439281}, 
ISSN={0162-8828}, 
month={Feb},}

@ARTICLE{Foucher2014, 
author={S. Foucher and C. López-Martínez}, 
journal={IEEE Transactions on Image Processing}, 
title={Analysis, Evaluation, and Comparison of Polarimetric SAR Speckle Filtering Techniques}, 
year={2014}, 
volume={23}, 
number={4}, 
pages={1751-1764}, 
keywords={covariance matrices;decomposition;filtering theory;image denoising;Markov processes;performance evaluation;radar imaging;radar polarimetry;random processes;speckle;polarimetric SAR speckle filtering technique;speckle noise filtering;polarimetric SAR imaging;scatterer-dependent noise reduction;single look complex imaging;rank-1 covariance matrix;performance evaluation;decomposition parameter;polarimetric information signature;artificial PolSAR imaging;image morphology;Markov random field;stochastic morphology;distributed scatterer parameter;radiometric parameter;spatial information preservation;Speckle;Covariance matrices;Noise;Scattering;Synthetic aperture radar;Data models;Morphology;Polarimetry;speckle filtering}, 
doi={10.1109/TIP.2014.2307437}, 
ISSN={1057-7149}, 
month={April},}

@Article{Foucher2017, 
author={S. Foucher and M. Beaulieu and M. Dahmane and F. Cavayas}, 
booktitle={2017 IEEE International Geoscience and Remote Sensing Symposium (IGARSS)}, 
title={Deep speckle noise filtering}, 
year={2017}, 
volume={}, 
number={}, 
pages={5311-5314}, 
abstract={Speckle removal from single-channel and multi-dimensional SAR remains a difficult problem. In this paper, we are investigating the use of a Convolutional Neural Network (CNN), previously applied to the Super-Resolution problem, for speckle removal. Because speckle noise statistics is signal dependent, we are training the neural network on the residual image formed by the ratio of the observed intensity to the local mean. Preliminary results on SAR and PolSAR show the potential of CNN to retrieve lost image details.}, 
keywords={filtering theory;image denoising;image resolution;neural nets;radar imaging;radar polarimetry;speckle;synthetic aperture radar;deep speckle noise filtering;speckle removal;Convolutional Neural Network;CNN;Super-Resolution problem;speckle noise statistics;Speckle;Image resolution;Training;Synthetic aperture radar;Computer architecture;Convolution;speckle;polarimetry;deep learning}, 
doi={10.1109/IGARSS.2017.8128203}, 
ISSN={2153-7003}, 
month={July},}

@Article{Fukushima1980,
   Author="Fukushima, K. ",
   Title="{{N}eocognitron: a self organizing neural network model for a mechanism of pattern recognition unaffected by shift in position}",
   Journal="Biol Cybern",
   Year="1980",
   Volume="36",
   Number="4",
   Pages="193--202"
}

@Article{Glorot2011,
  title = 	 {Deep Sparse Rectifier Neural Networks},
  author = 	 {Xavier Glorot and Antoine Bordes and Yoshua Bengio},
  booktitle = 	 {Proceedings of the Fourteenth International Conference on Artificial Intelligence and Statistics},
  pages = 	 {315--323},
  year = 	 {2011},
  editor = 	 {Geoffrey Gordon and David Dunson and Miroslav Dudík},
  volume = 	 {15},
  series = 	 {Proceedings of Machine Learning Research},
  address = 	 {Fort Lauderdale, FL, USA},
  month = 	 {11--13 Apr},
  publisher = 	 {PMLR},
  pdf = 	 {http://proceedings.mlr.press/v15/glorot11a/glorot11a.pdf},
  url = 	 {http://proceedings.mlr.press/v15/glorot11a.html},
  abstract = 	 {While logistic sigmoid neurons are more biologically plausible than hyperbolic tangent neurons, the latter work better for training multi-layer neural networks. This paper shows that rectifying neurons are an even better model of biological neurons and yield equal or better performance than hyperbolic tangent networks in spite of the hard non-linearity and non-differentiability at zero, creating sparse representations with true zeros which seem remarkably suitable for naturally sparse data. Even though they can take advantage of semi-supervised setups with extra-unlabeled data, deep rectifier networks can reach their best performance without requiring any unsupervised pre-training on purely supervised tasks with large labeled datasets. Hence, these results can be seen as a new milestone in the attempts at understanding the difficulty in training deep but purely supervised neural networks, and closing the performance gap between neural networks learnt with and without unsupervised pre-training. [pdf]}
}

@article{Gu2018,
 author = {Gu, Jiuxiang and Wang, Zhenhua and Kuen, Jason and Ma, Lianyang and Shahroudy, Amir and Shuai, Bing and Liu, Ting and Wang, Xingxing and Wang, Gang and Cai, Jianfei and Chen, Tsuhan},
 title = {Recent Advances in Convolutional Neural Networks},
 journal = {Pattern Recogn.},
 issue_date = {May 2018},
 volume = {77},
 number = {C},
 month = may,
 year = {2018},
 issn = {0031-3203},
 pages = {354--377},
 numpages = {24},
 url = {https://doi.org/10.1016/j.patcog.2017.10.013},
 doi = {10.1016/j.patcog.2017.10.013},
 acmid = {3199269},
 publisher = {Elsevier Science Inc.},
 address = {New York, NY, USA},
 keywords = {Convolutional neural network, Deep learning},
} 

@article{He2015DelvingDI,
  title={Delving Deep into Rectifiers: Surpassing Human-Level Performance on ImageNet Classification},
  author={Kaiming He and Xiangyu Zhang and Shaoqing Ren and Jian Sun},
  journal={2015 IEEE International Conference on Computer Vision (ICCV)},
  year={2015},
  pages={1026-1034}
}

@Article{Hinton1986,
author={Rumelhart, David E.
and Hinton, Geoffrey E.
and Williams, Ronald J.},
title={Learning representations by back-propagating errors},
journal={Nature},
year={1986},
month={Oct},
day={09},
publisher={Nature Publishing Group SN  -},
volume={323},
pages={533 EP  -},
url={https://doi.org/10.1038/323533a0}
}

@article{Hinton1985,
  added-at = {2008-02-26T12:05:08.000+0100},
  annote = {Reprinted in \npcite{anderson:neurocomputing}},
  author = {Ackley, David H. and Hinton, Geoffrey E. and Sejnowski, Terrence J.},
  biburl = {https://www.bibsonomy.org/bibtex/2ac037874304d5e66687d47509d0c6916/schaul},
  citeulike-article-id = {2375554},
  description = {idsia},
  interhash = {e559274185c852d10cd56f62b54efdf7},
  intrahash = {ac037874304d5e66687d47509d0c6916},
  journal = {Cognitive Science},
  keywords = {nn},
  pages = {147--169},
  priority = {2},
  timestamp = {2008-02-26T12:06:46.000+0100},
  title = {A Learning Algorithm for {B}oltzmann Machines},
  volume = 9,
  year = 1985
}

@Article{Hinton2006,
   Author="Hinton, G. E.  and Osindero, S.  and Teh, Y. W. ",
   Title="{{A} fast learning algorithm for deep belief nets}",
   Journal="Neural Comput",
   Year="2006",
   Volume="18",
   Number="7",
   Pages="1527--1554",
   Month="Jul"
}
@article{hubel1962receptive,
  added-at = {2009-04-01T22:42:24.000+0200},
  author = {Hubel, D. and Wiesel, T.},
  biburl = {https://www.bibsonomy.org/bibtex/227b441702a492b35fd0ea29dc4d8117d/sourcefilter},
  date-added = {2006-04-28 11:34:57 -0400},
  date-modified = {2009-03-26 17:06:30 -0400},
  interhash = {5a9f3d4ed4fcd16426c011fd359887d9},
  intrahash = {27b441702a492b35fd0ea29dc4d8117d},
  journal = {Journal of Physiology},
  keywords = {imported},
  local-url = {file://localhost/Volumes/iDisk/Documents/bibdesk/Papers/hubel1962.pdf},
  pages = {106--154},
  timestamp = {2009-04-01T22:43:24.000+0200},
  title = {Receptive fields, binocular interaction, and functional architecture in the cat's visual cortex},
  volume = 160,
  year = 1962
}
@inproceedings{Ioffe2015BatchNA,
  title={Batch Normalization: Accelerating Deep Network Training by Reducing Internal Covariate Shift},
  author={Sergey Ioffe and Christian Szegedy},
  booktitle={ICML},
  year={2015}
}
@article{Kim2016, 
author={J. Kim and J. K. Lee and K. M. Lee}, 
booktitle={2016 IEEE Conference on Computer Vision and Pattern Recognition (CVPR)}, 
title={Accurate Image Super-Resolution Using Very Deep Convolutional Networks}, 
year={2016}, 
volume={}, 
number={}, 
pages={1646-1654}, 
keywords={gradient methods;image classification;image resolution;neural nets;image super-resolution method;very deep convolutional networks;VGG-net;ImageNet classification;extremely high learning rates;gradient clipping;Training;Convergence;Image reconstruction;Convolution;Spatial resolution;Signal resolution}, 
doi={10.1109/CVPR.2016.182}, 
ISSN={1063-6919}, 
month={June},}


@Article{LeCun2015,
author={LeCun, Yann
and Bengio, Yoshua
and Hinton, Geoffrey},
title={Deep learning},
journal={Nature},
year={2015},
month={May},
day={27},
publisher={Nature Publishing Group, a division of Macmillan Publishers Limited. All Rights Reserved. SN  -},
volume={521},
pages={436 EP  -},
url={https://doi.org/10.1038/nature14539}
}

@ARTICLE{LeCun1998, 
author={Y. Lecun and L. Bottou and Y. Bengio and P. Haffner}, 
journal={Proceedings of the IEEE}, 
title={Gradient-based learning applied to document recognition}, 
year={1998}, 
volume={86}, 
number={11}, 
pages={2278-2324}, 
keywords={optical character recognition;multilayer perceptrons;backpropagation;convolution;gradient-based learning;document recognition;multilayer neural networks;back-propagation;gradient based learning technique;complex decision surface synthesis;high-dimensional patterns;handwritten character recognition;handwritten digit recognition task;2D shape variability;document recognition systems;field extraction;segmentation recognition;language modeling;graph transformer networks;GTN;multimodule systems;performance measure minimization;cheque reading;convolutional neural network character recognizers;Neural networks;Pattern recognition;Machine learning;Optical character recognition software;Character recognition;Feature extraction;Multi-layer neural network;Optical computing;Hidden Markov models;Principal component analysis}, 
doi={10.1109/5.726791}, 
ISSN={0018-9219}, 
month={Nov},}

@ARTICLE{Lee1999, 
author={Jong-Sen Lee and M. R. Grunes and G. de Grandi}, 
journal={IEEE Transactions on Geoscience and Remote Sensing}, 
title={Polarimetric SAR speckle filtering and its implication for classification}, 
year={1999}, 
volume={37}, 
number={5}, 
pages={2363-2373}, 
keywords={geophysical techniques;geophysical signal processing;terrain mapping;remote sensing by radar;synthetic aperture radar;radar imaging;radar polarimetry;speckle;image classification;geophysical measurement technique;land surface;terrain mapping;radar remote sensing;radar imaging;polarimetric SAR;radar polarimetry;speckle filtering;image classification;synthetic aperture radar;statistical correlation;crosstalk;covariance matrix;Speckle;Filtering;Covariance matrix;Crosstalk;Degradation;Image quality;Filters;Polarimetric synthetic aperture radar;Synthetic aperture radar;Polarization}, 
doi={10.1109/36.789635}, 
ISSN={0196-2892}, 
month={Sept},}

@ARTICLE{Lee2015, 
author={J. Lee and T. L. Ainsworth and Y. Wang and K. Chen}, 
journal={IEEE Transactions on Geoscience and Remote Sensing}, 
title={Polarimetric SAR Speckle Filtering and the Extended Sigma Filter}, 
year={2015}, 
volume={53}, 
number={3}, 
pages={1150-1160}, 
keywords={geophysical signal processing;radar polarimetry;remote sensing by radar;speckle;synthetic aperture radar;polarimetric SAR speckle filtering;extended sigma filter;synthetic aperture radar technology;high resolution data;quad polarization data;PolSAR;scattering mechanism preservation;Jet Propulsion Laboratory;boxcar filter;refined Lee filter;Wishart based nonlocal filter;German Aerospace Center F-SAR;Japanese Pi-SAR2;Speckle;Scattering;Covariance matrices;Synthetic aperture radar;Spatial resolution;Media;Filtering;Polarimetric SAR (PolSAR);speckle reduction;very high resolution SAR;Polarimetric SAR (PolSAR);speckle reduction;very high resolution SAR}, 
doi={10.1109/TGRS.2014.2335114}, 
ISSN={0196-2892}, 
month={March},}

@ARTICLE{Lopez2008, 
author={C. Lopez-Martinez and X. Fabregas}, 
journal={IEEE Transactions on Geoscience and Remote Sensing}, 
title={Model-Based Polarimetric SAR Speckle Filter}, 
year={2008}, 
volume={46}, 
number={11}, 
pages={3894-3907}, 
keywords={covariance matrices;radar polarimetry;remote sensing by radar;speckle;synthetic aperture radar;speckle noise filter;synthetic aperture radar;MBPolSAR filter;covariance matrix;model-based polarimetric SAR;Speckle;Scattering;Covariance matrix;Synthetic aperture radar;Information filtering;Information filters;Radar imaging;Radar polarimetry;Radar remote sensing;Remote sensing;Filtering;polarimetric radar;polarimetry;speckle;synthetic aperture radar (SAR)}, 
doi={10.1109/TGRS.2008.2002029}, 
ISSN={0196-2892}, 
month={Nov},}

@article{Liu2017ASO,
  title={A survey of deep neural network architectures and their applications},
  author={Weibo Liu and Zidong Wang and Xiaohui Liu and Nianyin Zeng and Yurong Liu and Fuad E. Alsaadi},
  journal={Neurocomputing},
  year={2017},
  volume={234},
  pages={11-26}
}

@ARTICLE{Krizhevsky2012,
title = {ImageNet Classification with Deep Convolutional Neural Networks},
author = {Alex Krizhevsky and Sutskever, Ilya and Hinton, Geoffrey E},
booktitle = {Advances in Neural Information Processing Systems 25},
editor = {F. Pereira and C. J. C. Burges and L. Bottou and K. Q. Weinberger},
pages = {1097--1105},
year = {2012},
publisher = {Curran Associates, Inc.},
url = {http://papers.nips.cc/paper/4824-imagenet-classification-with-deep-convolutional-neural-networks.pdf}
}

@Article{McCulloch1943,
author="McCulloch, Warren S.
and Pitts, Walter",
title="A logical calculus of the ideas immanent in nervous activity",
journal="The bulletin of mathematical biophysics",
year="1943",
month="Dec",
day="01",
volume="5",
number="4",
pages="115--133",
abstract="Because of the ``all-or-none'' character of nervous activity, neural events and the relations among them can be treated by means of propositional logic. It is found that the behavior of every net can be described in these terms, with the addition of more complicated logical means for nets containing circles; and that for any logical expression satisfying certain conditions, one can find a net behaving in the fashion it describes. It is shown that many particular choices among possible neurophysiological assumptions are equivalent, in the sense that for every net behaving under one assumption, there exists another net which behaves under the other and gives the same results, although perhaps not in the same time. Various applications of the calculus are discussed.",
issn="1522-9602",
doi="10.1007/BF02478259",
url="https://doi.org/10.1007/BF02478259"
}

@Article{MinkyPapert69,
  added-at = {2013-12-05T10:32:26.000+0100},
  address = {Cambridge, MA},
  author = {Minsky, M. and Papert, S.},
  biburl = {https://www.bibsonomy.org/bibtex/24587aec0472c41d00c38bf3e888304ba/prlz77},
  interhash = {9ad5b73f68093070d73e54312145eca2},
  intrahash = {4587aec0472c41d00c38bf3e888304ba},
  keywords = {critic minsky papert perceptron},
  publisher = {MIT Press},
  timestamp = {2013-12-05T10:32:26.000+0100},
  title = {Perceptrons},
  year = 1969
}

@article{Pinheiro2013RecurrentCN,
  title={Recurrent Convolutional Neural Networks for Scene Parsing},
  author={Pedro H. O. Pinheiro and Ronan Collobert},
  journal={CoRR},
  year={2013},
  volume={abs/1306.2795}
}

@ARTICLE{Rosenblatt1958,
    author = {F. Rosenblatt},
    title = {The Perceptron: A Probabilistic Model for Information Storage and Organization in The Brain},
    journal = {Psychological Review},
    year = {1958},
    pages = {65--386}
}

@article{Sermanet2013OverFeatIR,
  title={OverFeat: Integrated Recognition, Localization and Detection using Convolutional Networks},
  author={Pierre Sermanet and David Eigen and Xiang Zhang and Micha{\"e}l Mathieu and Rob Fergus and Yann LeCun},
  journal={CoRR},
  year={2013},
  volume={abs/1312.6229}
}

@ARTICLE{Shelhamer2017, 
author={E. Shelhamer and J. Long and T. Darrell}, 
journal={IEEE Transactions on Pattern Analysis and Machine Intelligence}, 
title={Fully Convolutional Networks for Semantic Segmentation}, 
year={2017}, 
volume={39}, 
number={4}, 
pages={640-651}, 
keywords={feedforward neural nets;image classification;image representation;image resolution;image segmentation;learning (artificial intelligence);transforms;fully convolutional networks;semantic segmentation;visual models;correspondingly-sized output;spatially dense prediction tasks;contemporary classification networks;learned representations;coarse layer;fine layer;PASCAL VOC;NYUDv2;SIFT Flow;PASCAL-Context;Semantics;Image segmentation;Training;Convolution;Computer architecture;Proposals;Fuses;Semantic Segmentation;Convolutional Networks;Deep Learning;Transfer Learning}, 
doi={10.1109/TPAMI.2016.2572683}, 
ISSN={0162-8828}, 
month={April},}

@article{Sherrah2016FullyCN,
  title={Fully Convolutional Networks for Dense Semantic Labelling of High-Resolution Aerial Imagery},
  author={Jamie Sherrah},
  journal={CoRR},
  year={2016},
  volume={abs/1606.02585}
}

@article{Zeiler10deconvolutionalnetworks,
    author = {Matthew D. Zeiler and Dilip Krishnan and Graham W. Taylor and Rob Fergus},
    title = {Deconvolutional networks},
    booktitle = {In CVPR},
    year = {2010}
}

@ARTICLE{Szegedy2015, 
author={C. Szegedy and Wei Liu and Yangqing Jia and P. Sermanet and S. Reed and D. Anguelov and D. Erhan and V. Vanhoucke and A. Rabinovich}, 
booktitle={2015 IEEE Conference on Computer Vision and Pattern Recognition (CVPR)}, 
title={Going deeper with convolutions}, 
year={2015}, 
volume={}, 
number={}, 
pages={1-9}, 
keywords={convolution;decision making;feature extraction;Hebbian learning;image classification;neural net architecture;resource allocation;convolutional neural network architecture;resource utilization;architectural decision;Hebbian principle;object classification;object detection;Computer architecture;Convolutional codes;Sparse matrices;Neural networks;Visualization;Object detection;Computer vision}, 
doi={10.1109/CVPR.2015.7298594}, 
ISSN={1063-6919}, 
month={June},}

@ARTICLE{Gomez2016, 
author={L. Gomez and M. E. Buemi and J. C. Jacobo-Berlles and M. E. Mejail}, 
journal={IEEE Journal of Selected Topics in Applied Earth Observations and Remote Sensing}, 
title={A New Image Quality Index for Objectively Evaluating Despeckling Filtering in SAR Images}, 
year={2016}, 
volume={9}, 
number={3}, 
pages={1297-1307}, 
keywords={edge detection;image filtering;radar imaging;speckle;synthetic aperture radar;filtered image;point-to-point ratio;ratio edge detector;αβ-ratio estimator;referenceless estimator;speckle filtering;scene features;multiplicative granular-like noise pattern;synthetic aperture radar images;SAR images;despeckling filtering;image quality index;Image edge detection;Speckle;Detectors;Synthetic aperture radar;Indexes;Noise;Noise measurement;Image-quality index;ratio images;speckle;speckle filtering;synthetic aperture radar (SAR);Image-quality index;ratio images;speckle;speckle filtering;synthetic aperture radar (SAR)}, 
doi={10.1109/JSTARS.2015.2465167}, 
ISSN={1939-1404}, 
month={March},}

@INPROCEEDINGS{Chierchia2017SARCNN, 
author={G. Chierchia and D. Cozzolino and G. Poggi and L. Verdoliva}, 
booktitle={2017 IEEE International Geoscience and Remote Sensing Symposium (IGARSS)}, 
title={SAR image despeckling through convolutional neural networks}, 
year={2017}, 
volume={}, 
number={}, 
pages={5438-5441}, 
keywords={image filtering;learning (artificial intelligence);neural nets;radar computing;radar imaging;speckle;synthetic aperture radar;multitemporal SAR image;synthetic SAR data;real SAR data;SAR image despeckling;convolutional neural networks;residual learning strategy;filtered image;clean image;discriminative model learning;Training;Speckle;Synthetic aperture radar;Noise measurement;Indexes;Remote sensing;SAR;speckle;multiplicative noise;convolutional neural networks}, 
doi={10.1109/IGARSS.2017.8128234}, 
ISSN={2153-7003}, 
month={July},}

@ARTICLE{Touzi1999, 
author={R. Touzi and A. Lopes and J. Bruniquel and P. W. Vachon}, 
journal={IEEE Transactions on Geoscience and Remote Sensing}, 
title={Coherence estimation for SAR imagery}, 
year={1999}, 
volume={37}, 
number={1}, 
pages={135-149}, 
keywords={geophysical techniques;geophysical signal processing;terrain mapping;remote sensing by radar;synthetic aperture radar;radar imaging;geophysical measurement technique;land surface;terrain mapping;radar remote sensing;coherence estimation;SAR imagery;radar imaging;synthetic aperture radar;multiple-channel;dual channel method;cross-channel correlation;coherence map resolution;unbiased coherence estimate;Coherence;Synthetic aperture radar;Interferometry;Information resources;Signal resolution;Polarimetry;Statistics;Layout;High-resolution imaging;Phase estimation}, 
doi={10.1109/36.739146}, 
ISSN={0196-2892}, 
month={Jan},}

@ARTICLE{Wang2017IDCNN, 
author={P. Wang and H. Zhang and V. M. Patel}, 
journal={IEEE Signal Processing Letters}, 
title={SAR Image Despeckling Using a Convolutional Neural Network}, 
year={2017}, 
volume={24}, 
number={12}, 
pages={1763-1767}, 
keywords={image denoising;neural nets;radar imaging;speckle;synthetic aperture radar;synthetic aperture radar images;ID-CNN;input noisy images;SAR image despeckling;convolutional neural network;speckle reduction methods;batch normalization;rectified linear unit activation function;Euclidean loss;Synthetic aperture radar;Noise measurement;TV;Convolution;Image restoration;Training;Speckle;Denoising;despecking;image restoration;synthetic aperture radar (SAR)}, 
doi={10.1109/LSP.2017.2758203}, 
ISSN={1070-9908}, 
month={Dec},}

@ARTICLE{Touzi1994, 
author={R. Touzi and A. Lopes}, 
journal={IEEE Transactions on Geoscience and Remote Sensing}, 
title={The principle of speckle filtering in polarimetric SAR imagery}, 
year={1994}, 
volume={32}, 
number={5}, 
pages={1110-1114}, 
keywords={geophysical techniques;geophysics computing;synthetic aperture radar;remote sensing by radar;speckle;polarimetry;S-matrix theory;geophysical measurement technique;land surface;radar remote sensing;imaging;speckle reduction;terrain mapping;speckle filtering;polarimetric SAR imagery;polarimetry;Mueller matrix;scattering matrix;scattering vector covariance matrix;multiplicative;stationary;algorithm;filter;reciprocal;nonreciprocal target;one-look;multilook image;second-order statistics;four-channel speckle vector;Speckle;Filtering;Filters;Radar scattering;Receiving antennas;Transmitting antennas;Polarization;Radar antennas;Polarimetry;Covariance matrix}, 
doi={10.1109/36.312901}, 
ISSN={0196-2892}, 
month={Sept},}

@article{Touzi2004,
author = {R. Touzi and W M Boerner and J S Lee and E. Lueneburg},
title = {A review of polarimetry in the context of synthetic aperture radar: concepts and information extraction},
journal = {Canadian Journal of Remote Sensing},
volume = {30},
number = {3},
pages = {380-407},
year  = {2004},
publisher = {Taylor & Francis},
doi = {10.5589/m04-013},
URL = { https://doi.org/10.5589/m04-013},
eprint = { https://doi.org/10.5589/m04-013},}

@ARTICLE{Ma2018, 
author={X. Ma and P. Wu and Y. Wu and H. Shen}, 
journal={IEEE Journal of Selected Topics in Applied Earth Observations and Remote Sensing}, 
title={A Review on Recent Developments in Fully Polarimetric SAR Image Despeckling}, 
year={2018}, 
volume={11}, 
number={3}, 
pages={743-758}, 
abstract={The use of synthetic aperture radar (SAR) technology with quad-polarization data requires efficient polarimetric SAR (PolSAR) speckle filtering algorithms. During the last three decades, many effective methods have been developed to reduce the speckle in PolSAR images, and recent studies have generally shown a trend developing from local single-point filtering to nonlocal patch-based or globally collaborative filtering. The main goals of this paper are to make a comprehensive review of the existing PolSAR despeckling algorithms and highlight the recent development trends. In the experimental part, the filtering results obtained with both simulated and real PolSAR images are deployed to compare the performance of some of the state-of-the-art despeckling algorithms, which shows that all of the selected filters have their individual strengths and weaknesses.}, 
keywords={filtering theory;radar imaging;radar polarimetry;speckle;synthetic aperture radar;synthetic aperture radar;quad-polarization data;efficient polarimetric SAR speckle filtering algorithms;PolSAR images;local single-point;globally collaborative filtering;fully polarimetric SAR image despeckling;Speckle;Synthetic aperture radar;Covariance matrices;Data models;Market research;Radar polarimetry;Nonlocal means (NLM);polarimetric synthetic aperture radar (PolSAR);speckle filtering;Wishart distribution}, 
doi={10.1109/JSTARS.2017.2768059}, 
ISSN={1939-1404}, 
month={March},}

@article{Ronneberger2015UNetCN,
  title={U-Net: Convolutional Networks for Biomedical Image Segmentation},
  author={Olaf Ronneberger and Philipp Fischer and Thomas Brox},
  booktitle={MICCAI},
  year={2015}
}

@ARTICLE{Cloude1996, 
author={S. R. {Cloude} and E. {Pottier}}, 
journal={IEEE Transactions on Geoscience and Remote Sensing}, 
title={A review of target decomposition theorems in radar polarimetry}, 
year={1996}, 
volume={34}, 
number={2}, 
pages={498-518}, 
keywords={S-matrix theory;backscatter;radar polarimetry;remote sensing by radar;matrix decomposition;covariance matrices;reviews;eigenvalues and eigenfunctions;radar cross-sections;radar imaging;geophysical signal processing;target decomposition theorems;radar polarimetry;Mueller matrix;Stokes vector;eigenvector analysis;covariance matrix;coherency matrix;coherent decomposition;scattering matrix;transformation theory;backscatter;terrain;Radar polarimetry;Radar scattering;Particle scattering;Rayleigh scattering;Light scattering;Matrix decomposition;Radar remote sensing;Covariance matrix;Speckle;Clouds}, 
doi={10.1109/36.485127}, 
ISSN={0196-2892}, 
month={March},}

@book{Richards:2009:RSI:1816335,
 author = {Richards, John A.},
 title = {Remote Sensing with Imaging Radar},
 year = {2009},
 isbn = {3642020194, 9783642020193},
 edition = {1st},
 publisher = {Springer Publishing Company, Incorporated},
} 


@article{Ruder2016_GDS_ALGO,
  author    = {Sebastian Ruder},
  title     = {An overview of gradient descent optimization algorithms},
  journal   = {CoRR},
  volume    = {abs/1609.04747},
  year      = {2016},
  url       = {http://arxiv.org/abs/1609.04747},
  archivePrefix = {arXiv},
  eprint    = {1609.04747},
  timestamp = {Mon, 13 Aug 2018 16:48:10 +0200},
  biburl    = {https://dblp.org/rec/bib/journals/corr/Ruder16},
  bibsource = {dblp computer science bibliography, https://dblp.org}
}
@ARTICLE{Cameron1996, 
author={W. L. {Cameron} and N. N. {Youssef} and L. K. {Leung}}, 
journal={IEEE Transactions on Geoscience and Remote Sensing}, 
title={Simulated polarimetric signatures of primitive geometrical shapes}, 
year={1996}, 
volume={34}, 
number={3}, 
pages={793-803}, 
keywords={geophysical techniques;remote sensing by radar;radar cross-sections;radar theory;S-matrix theory;radar polarimetry;geophysical measurment technique;radar remote sensing;radar scattering;backscatter;backscattering;land surface;terrain mapping;polarimetric signature;radar polarimetry;radar theory;primitive geometrical shape;dihedral;edge;high-frequency electromagnetic scattering method;polarization scattering matrix decomposition;EM scattering;scattering matrix;S-matrix;Solid modeling;Shape;Radar scattering;Light scattering;Matrix decomposition;Electromagnetic scattering;Symmetric matrices;Polarization;Scattering parameters;Statistics}, 
doi={10.1109/36.499784}, 
ISSN={0196-2892}, 
month={May},}

@ARTICLE{Freeman1998, 
author={A. {Freeman} and S. L. {Durden}}, 
journal={IEEE Transactions on Geoscience and Remote Sensing}, 
title={A three-component scattering model for polarimetric SAR data}, 
year={1998}, 
volume={36}, 
number={3}, 
pages={963-973}, 
keywords={geophysical techniques;forestry;remote sensing by radar;radar cross-sections;synthetic aperture radar;radar polarimetry;radar theory;backscatter;geophysical measurement technique;land surface;terrain mapping;radar remote sensing;vegetation mapping;forest;radar polarimetry;three-component scattering model;radar scattering;polarimetric SAR;synthetic aperture radar;canopy scatter;randomly oriented dipoles;double-bounce scatter;orthogonal surface;Bragg scatter;rough surface;composite scattering model;backscatter;tropical rain forest;flooding;inundation;Radar scattering;Backscatter;Rough surfaces;Surface roughness;Surface fitting;Clouds;Dielectric constant;Rain;NASA;Propulsion}, 
doi={10.1109/36.673687}, 
ISSN={0196-2892}, 
month={May},}

@ARTICLE{Krogager1990, 
author={E. {Krogager}}, 
journal={Electronics Letters}, 
title={New decomposition of the radar target scattering matrix}, 
year={1990}, 
volume={26}, 
number={18}, 
pages={1525-1527}, 
keywords={radar theory;S-matrix theory;decomposition;radar target scattering matrix;Radar theory;Scattering matrices}, 
doi={10.1049/el:19900979}, 
ISSN={0013-5194}, 
month={Aug},}

@ARTICLE{SarTutorial2013, 
author={A. {Moreira} and P. {Prats-Iraola} and M. {Younis} and G. {Krieger} and I. {Hajnsek} and K. P. {Papathanassiou}}, 
journal={IEEE Geoscience and Remote Sensing Magazine}, 
title={A tutorial on synthetic aperture radar}, 
year={2013}, 
volume={1}, 
number={1}, 
pages={6-43}, 
keywords={geophysical techniques;radar interferometry;radar polarimetry;remote sensing by radar;synthetic aperture radar;multistatic configurations;bistatic configurations;multiple-input multiple-output;digital beamforming;holographic tomography;polarimetric SAR interferometry;differential interferometry;polarimetry;Earth remote sensing;synthetic aperture radar;Tutorials;Synthetic aperture radar;Radar imaging;Spaceborne radar;Remote sensing;Scattering}, 
doi={10.1109/MGRS.2013.2248301}, 
ISSN={2168-6831}, 
month={March},}

@article{VanVeen2016,
  title={The neural network zoo},
  author={F. Van Veen},
  URL={http://www.asimovinstitute.org/neural-network-zoo},
  year={2016}
}

@ARTICLE{Zhu2017, 
author={X. X. Zhu and D. Tuia and L. Mou and G. Xia and L. Zhang and F. Xu and F. Fraundorfer}, 
journal={IEEE Geoscience and Remote Sensing Magazine}, 
title={Deep Learning in Remote Sensing: A Comprehensive Review and List of Resources}, 
year={2017}, 
volume={5}, 
number={4}, 
pages={8-36}, 
abstract={Central to the looming paradigm shift toward data-intensive science, machine-learning techniques are becoming increasingly important. In particular, deep learning has proven to be both a major breakthrough and an extremely powerful tool in many fields. Shall we embrace deep learning as the key to everything? Or should we resist a black-box solution? These are controversial issues within the remote-sensing community. In this article, we analyze the challenges of using deep learning for remote-sensing data analysis, review recent advances, and provide resources we hope will make deep learning in remote sensing seem ridiculously simple. More importantly, we encourage remote-sensing scientists to bring their expertise into deep learning and use it as an implicit general model to tackle unprecedented, large-scale, influential challenges, such as climate change and urbanization.}, 
keywords={remote sensing;climate change;remote-sensing data analysis;machine-learning techniques;data-intensive science;looming paradigm shift;Machine learning;Remote sensing;Feature extraction;Hyperspectral imaging;Computer vision;Tutorials;Remote sensing}, 
doi={10.1109/MGRS.2017.2762307}, 
ISSN={2168-6831}, 
month={Dec},}

@ARTICLE{Zhang2017, 
author={K. Zhang and W. Zuo and Y. Chen and D. Meng and L. Zhang}, 
journal={IEEE Transactions on Image Processing}, 
title={Beyond a Gaussian Denoiser: Residual Learning of Deep CNN for Image Denoising}, 
year={2017}, 
volume={26}, 
number={7}, 
pages={3142-3155}, 
keywords={AWGN;feedforward neural nets;Gaussian processes;image denoising;learning (artificial intelligence);neural net architecture;Gaussian denoiser;deep CNN;image denoising;discriminative model learning;feedforward denoising convolutional neural networks;regularization method;learning algorithm;very deep architecture;batch normalization;training process;discriminative denoising models;additive white Gaussian noise;DnCNN model;unknown noise level;residual learning strategy;single image super-resolution;JPEG image deblocking;GPU computing;Noise reduction;Image denoising;Training;Computational modeling;Noise level;Neural networks;Transform coding;Image denoising;convolutional neural networks;residual learning;batch normalization}, 
doi={10.1109/TIP.2017.2662206}, 
ISSN={1057-7149}, 
month={July},}

@article{Zhang2018LearningSAR-DRN,
  title={Learning a Dilated Residual Network for SAR Image Despeckling},
  author={Qiang Zhang and Qiangqiang Yuan and Jie Li and Zhen Yang and Xiaoshuang Ma},
  journal={Remote Sensing},
  year={2018},
  volume={10},
  pages={196}
}

@article{Yang2018DeepLF,
  title={Deep Learning for Single Image Super-Resolution: A Brief Review},
  author={Wenming Yang and Xuechen Zhang and Yapeng Tian and Wei Wang and Jing-Hao Xue},
  journal={CoRR},
  year={2018},
  volume={abs/1808.03344}
}

@ARTICLE{Zhang2018, 
author={K. Zhang and W. Zuo and L. Zhang}, 
journal={IEEE Transactions on Image Processing}, 
title={FFDNet: Toward a Fast and Flexible Solution for CNN-Based Image Denoising}, 
year={2018}, 
volume={27}, 
number={9}, 
pages={4608-4622}, 
keywords={image denoising;image sampling;learning (artificial intelligence);neural nets;FFDNet;fast inference;multiple models;spatially variant noise;flexible denoising convolutional neural network;tunable noise level map;downsampled sub-images;nonuniform noise level map;synthetic images;real noisy images;CNN-based image denoising;discriminative denoisers;benchmark BM3D;Noise reduction;Noise level;Image denoising;Noise measurement;Learning systems;AWGN;Visualization;Image denoising;convolutional neural networks;Gaussian noise;spatially variant noise}, 
doi={10.1109/TIP.2018.2839891}, 
ISSN={1057-7149}, 
month={Sept},}

@Article{vgg,
    author       = "Simonyan, K. and Zisserman, A.",
    title        = "Very Deep Convolutional Networks for Large-Scale Image Recognition",
    journal      = "CoRR",
    volume       = "abs/1409.1556",
    year         = "2014"
}
@article{ZFNet,
  author    = {Matthew D. Zeiler and
               Rob Fergus},
  title     = {Visualizing and Understanding Convolutional Networks},
  journal   = {CoRR},
  volume    = {abs/1311.2901},
  year      = {2013},
  url       = {http://arxiv.org/abs/1311.2901},
  archivePrefix = {arXiv},
  eprint    = {1311.2901},
  timestamp = {Mon, 13 Aug 2018 16:48:37 +0200},
  biburl    = {https://dblp.org/rec/bib/journals/corr/ZeilerF13},
  bibsource = {dblp computer science bibliography, https://dblp.org}
}

@InProceedings{cimpoi14describing,
	      Author    = {M. Cimpoi and S. Maji and I. Kokkinos and S. Mohamed and and A. Vedaldi},
	      Title     = {Describing Textures in the Wild},
	      Booktitle = {Proceedings of the {IEEE} Conf. on Computer Vision and Pattern Recognition ({CVPR})},
	      Year      = {2014}
	      }
	      
@article{Kingma2015AdamAM,
  title={Adam: A Method for Stochastic Optimization},
  author={Diederik P. Kingma and Jimmy Ba},
  journal={CoRR},
  year={2015},
  volume={abs/1412.6980}
}

@article{Fukushima2003NeocognitronFH,
  title={Neocognitron for handwritten digit recognition},
  author={Kunihiko Fukushima},
  journal={Neurocomputing},
  year={2003},
  volume={51},
  pages={161-180}
}

@article{Goodman76,
author = {J. W. Goodman},
journal = {J. Opt. Soc. Am.},
keywords = {Laser light; Laser speckle; Multiple scattering; Rough surface scattering; Spatial frequency; Speckle patterns},
number = {11},
pages = {1145--1150},
publisher = {OSA},
title = {Some fundamental properties of speckle$\ast$},
volume = {66},
month = {Nov},
year = {1976},
url = {http://www.osapublishing.org/abstract.cfm?URI=josa-66-11-1145},
doi = {10.1364/JOSA.66.001145},
abstract = {A speckle pattern formed in polarized monochromatic light may be regarded as resulting from a classical random walk in the complex plane. The resulting irradiance fluctuations obey negative exponential statistics, with ratio of standard deviation to mean (i.e., contrast) of unity. Reduction of this contrast, or smoothing of the speckle, requires diversity in polarization, space, frequency, or time. Addition of M uncorrelated speckle patterns on an intensity basis can reduce the contrast by 1/{\textsurd}M. However, addition of speckle patterns on a complex amplitude basis provides no reduction of contrast. The distribution of scale sizes in a speckle pattern (i.e., the Wiener spectrum) is investigated from a physical point of view.},
}

@ARTICLE{Cloude1997, 
author={S. R. {Cloude} and E. {Pottier}}, 
journal={IEEE Transactions on Geoscience and Remote Sensing}, 
title={An entropy based classification scheme for land applications of polarimetric SAR}, 
year={1997}, 
volume={35}, 
number={1}, 
pages={68-78}, 
keywords={geophysical techniques;geophysical signal processing;remote sensing by radar;synthetic aperture radar;radar imaging;image classification;radar polarimetry;radar theory;S-matrix theory;geophysical measurement technique;land surface;terrain mapping;radar remote sensing;entropy based classification;image classification;land use;polarimetric SAR;radar polarimetry;parameterization;polarimetric scattering problem;quantitative analysis;eigenvalue analysis;coherency matrix;S-matrix theory;three-level Bernoulli statistical model;average target scattering matrix parameters;scattering entropy;unsupervised classifier;Entropy;Radar scattering;Scattering parameters;Electromagnetic scattering;Remote sensing;Polarimetry;Random media;Radar remote sensing;Electromagnetic modeling;Data mining}, 
doi={10.1109/36.551935}, 
ISSN={0196-2892}, 
month={Jan},}


@ARTICLE{Lopez2003, 
author={C. {Lopez-Martinez} and X. {Fabregas}}, 
journal={IEEE Transactions on Geoscience and Remote Sensing}, 
title={Polarimetric SAR speckle noise model}, 
year={2003}, 
volume={41}, 
number={10}, 
pages={2232-2242}, 
keywords={synthetic aperture radar;radar imaging;speckle;noise;radar polarimetry;covariance matrices;remote sensing by radar;geophysical signal processing;polarimetric SAR speckle noise model;synthetic aperture radar;SAR polarimetry;multidimensional data;polarization wave diversity;correlation degree;multidimensional SAR data;complex covariance matrix;distributed scatterers case;L-band polarimetric data;Speckle;Multidimensional systems;Spatial resolution;Synthetic aperture radar;Covariance matrix;Radar polarimetry;Remote monitoring;Parameter estimation;Diversity reception;Polarization}, 
doi={10.1109/TGRS.2003.815240}, 
ISSN={0196-2892}, 
month={Oct},}

@Article{Li2018Classification,
AUTHOR = {Li, Yangyang and Chen, Yanqiao and Liu, Guangyuan and Jiao, Licheng},
TITLE = {A Novel Deep Fully Convolutional Network for PolSAR Image Classification},
JOURNAL = {Remote Sensing},
VOLUME = {10},
YEAR = {2018},
NUMBER = {12},
ARTICLE-NUMBER = {1984},
URL = {http://www.mdpi.com/2072-4292/10/12/1984},
ISSN = {2072-4292},
ABSTRACT = {Polarimetric synthetic aperture radar (PolSAR) image classification has become more and more popular in recent years. As we all know, PolSAR image classification is actually a dense prediction problem. Fortunately, the recently proposed fully convolutional network (FCN) model can be used to solve the dense prediction problem, which means that FCN has great potential in PolSAR image classification. However, there are some problems to be solved in PolSAR image classification by FCN. Therefore, we propose sliding window fully convolutional network and sparse coding (SFCN-SC) for PolSAR image classification. The merit of our method is twofold: (1) Compared with convolutional neural network (CNN), SFCN-SC can avoid repeated calculation and memory occupation; (2) Sparse coding is used to reduce the computation burden and memory occupation, and meanwhile the image integrity can be maintained in the maximum extent. We use three PolSAR images to test the performance of SFCN-SC. Compared with several state-of-the-art methods, SFCN-SC achieves promising results in PolSAR image classification.},
DOI = {10.3390/rs10121984}
}


@article{Gupta2014, 
author={S. Gupta and Meenakshi}, 
booktitle={2014 International Conference on Computing for Sustainable Global Development (INDIACom)}, 
title={A review and comprehensive comparison of image denoising techniques}, 
year={2014}, 
volume={}, 
number={}, 
pages={972-976}, 
abstract={Removing noise from the original signal is still a challenging problem for researchers. Despite the complexity of the recently proposed methods, most of the algorithms have not yet attained a pleasing level of applicability. This paper presents a review of some significant work in the area of image denoising. After a brief introduction, some of the popular approaches are categorized into different sets. Within each category, several representative algorithms are selected for evaluation and comparison. The experimental results are discussed and analyzed to determine the overall advantages and disadvantages of each category. Insights and potential future work in the area of denoising are also discussed.}, 
keywords={filtering theory;image denoising;probability;wavelet transforms;image denoising techniques;representative algorithms;Noise;Wiener filters;Maximum likelihood detection;Nonlinear filters;Image denoising;Hidden Markov models;Transforms;Adaptive filter;image denoising;spatial filter;threshold;transform domain;wavelet domain}, 
doi={10.1109/IndiaCom.2014.6828109}, 
ISSN={}, 
month={March},}




